<?xml version="1.0" encoding="UTF-8"?><collection xmlns="http://www.loc.gov/MARC21/slim"><record><leader>00348nam--2200133-i-4500</leader><controlfield tag="001">000007154</controlfield><controlfield tag="002">20161230</controlfield><controlfield tag="005">20170225101835</controlfield><controlfield tag="008">060222s1000------------r-----000-0-eng-d</controlfield><datafield ind1=" " ind2=" " tag="100"><subfield code="a">Davinson, D. E</subfield></datafield><datafield ind1=" " ind2=" " tag="245"><subfield code="a">Periodicals. A manual of practice for librarians</subfield></datafield><datafield ind1=" " ind2=" " tag="260"><subfield code="a">London</subfield><subfield code="b">Grafton Book</subfield><subfield code="c">1964</subfield></datafield><datafield ind1=" " ind2=" " tag="300"><subfield code="a">200 p</subfield></datafield><datafield ind1=" " ind2=" " tag="CAT"><subfield code="a">SYS</subfield><subfield code="c">20170225</subfield><subfield code="h">101835</subfield></datafield></record></collection>